A2CW0                 HOSPITAL SANTO ANTON748SICREDI             2025021000003405DEBITO AUTOMATICO                                                    
F75117746015              0268178187        2025021500000000003145701                                 01JKRNEW91N46KNZWK955WT785 2000075117746015    0
F72282312015              0268322997        2025021500000000002638404                                 01JKRNEW952BPJAM5H2ED3R528 2000072282312015    0
F24549088087              0268000230        2025021500000000001821510                                 01JKRNEW98D2KJR6W8KP1BH1WA 2000024549088087    0
F18023363034              0268236934        2025021500000000003104112                                 01JKRNEW9BPG3HKC8K8JGQHWZF 2000018023363034    0
F19710003020              0268242578        2025021500000000004135331                                 01JKRNEW9DSNH4GKVRG3VE6Z6Z 2000019710003020    0
F44506872053              0268023933        2025021500000000004135305                                 01JKRNEW9GEM9E8JCBCSR8X9R9 2000044506872053    0
F04209605034              0268001244        2025021500000000004135304                                 01JKRNEW9KVB5DXDJXB451F7N4 2000004209605034    0
F13177800006              0268001490        2025021500000000004135302                                 01JKRNEW9NDCWC79KCABHTDZDQ 2000013177800006    0
F25766538049              0268384879        2025021500000000004469912                                 01JKRNEW9RK0HSE9G2ERWYYYFD 2000025766538049    0
F02777320004              0268021970        2025021500000000002638400                                 01JKRNEW9V2TV63NAW8X4HX0ZM 2000002777320004    0
Z00001200000000000343592                                                                                                                              
