A2CW0                 HOSPITAL SANTO ANTON748SICREDI             2025021000003405DEBITO AUTOMATICO                                                    
F75117746015              0268178187        2025021500000000003145700                                                          0 2000075117746015    0
F72282312015              0268322997        2025021500000000002638400                                                          0 2000072282312015    0
F24549088087              0268000230        2025021500000000001821500                                                          0 2000024549088087    0
F18023363034              0268236934        2025021500000000003104100                                                          0 2000018023363034    0
F19710003020              0268242578        2025021500000000004135300                                                          0 2000019710003020    0
F44506872053              0268023933        2025021500000000004135300                                                          0 2000044506872053    0
F04209605034              0268001244        2025021500000000004135300                                                          0 2000004209605034    0
F13177800006              0268001490        2025021500000000004135300                                                          0 2000013177800006    0
F25766538049              0268384879        2025021500000000004469900                                                          0 2000025766538049    0
F02777320004              0268021970        2025021500000000002638400                                                          0 2000002777320004    0
Z00001200000000000343592                                                                                                                              
